% Encoding: UTF-8

%%% Cita de articulo de congreso o no arbitrado
@InProceedings{Hamilton2016,
  author     = {Hamilton, William L. and Leskovec, Jure and Jurafsky, Dan},
  booktitle  = {Proceedings of the 54th Annual Meeting of the Association for Computational Linguistics (Volume 1: Long Papers)},
  title      = {{D}iachronic {W}ord {E}mbeddings {R}eveal {S}tatistical {L}aws of {S}emantic {C}hange},
  year       = {2016},
  month      = aug,
  pages      = {nil},
  date_added = {Thu Jan 14 12:47:02 2021},
  doi        = {10.18653/v1/p16-1141},
}

%%% Cita de libro
@Book{Bloomfield1935,
  author    = {Bloomfield, Leonard},
  publisher = {G. Allen \& Unwin, Ltd},
  title     = {Language},
  year      = {1935},
  address   = {London},
  isbn      = {9780044000167},
}

%%% Cita de articulo
@Article{Traugott1990,
  author    = {Traugott, Elizabeth Closs},
  journal   = {Current Issues in Linguistic Theory},
  title     = {From less to more situated in language},
  year      = {1990},
  issn      = {0304-0763},
  pages     = {497},
  doi       = {10.1075/cilt.65.28clo},
  isbn      = {9789027286000},
  publisher = {John Benjamins Publishing Company},
  url       = {http://dx.doi.org/10.1075/cilt.65.28clo},
}


%%% Cita de capitulo en libro
@InBook{Blank31Dec.1999,
  author    = {Andreas Blank},
  chapter   = {{W}hy do new meanings occur? {A} cognitive typology of the motivations for lexical semantic change},
  pages     = {61--90},
  publisher = {De Gruyter Mouton},
  title     = {{H}istorical {S}emantics and {C}ognition},
  year      = {31 Dec. 1999},
  address   = {Berlin, Boston},
  isbn      = {9783110804195},
  doi       = {https://doi.org/10.1515/9783110804195.61},
  url       = {https://www.degruyter.com/view/book/9783110804195/10.1515/9783110804195.61.xml},
}


%%% Cita sitio web
@Misc{Wikipedia2020,
  author       = {{Wikipedia contributors}},
  howpublished = {\url{https://en.wikipedia.org/w/index.php?title=Semantic_change&oldid=996677901}},
  note         = {[Online; accessed 18-January-2021]},
  title        = {Semantic change --- {{W}ikipedia}{,} {T}he {F}ree {E}ncyclopedia},
  year         = {2020},
}

